@inproceedings{bradley11,
    author = "Aaron Bradley",
    title = "{SAT}-Based Model Checking Without Unrolling",
    year = "2011",
    booktitle = "Verification, Model Checking and Abstract Interpretation
                (VMCAI)",
    pages = "70--87"
}
@inproceedings{bradley12,
    author = "Aaron Bradley",
    title = "Understanding {IC3}",
    year = "2012",
    booktitle = "Theory and Applications of Satisfiability Testing (SAT)",
    volume = "7317",
    series = "Lecture Notes in Computer Science",
    pages = "1--14"
}
@inproceedings{biere99,
  author =
    "Armin Biere and Alessandro Cimatti and Edmund Clarke and Yunshan Zhu",
  title = "Symbolic Model Checking without {BDD}s",
  year = "1999",
  booktitle = "Tools and Algorithms for the Construction and Analysis of
              Systems (TACAS)"
}
@inproceedings{demoura03,
  author = "Leonardo de Moura and Harald Rue{\ss} and Maria Sorea",
  title =  "Bounded Model Checking and Induction: From Refutation to
           Verification",
  editor = "Andrei Voronkov",
  booktitle = "Computer-Aided Verification (CAV)",
  year = "2003",
  series = "Lecture Notes in Computer Science",
  volume = "2725",
  pages = "14--26"
}
@inproceedings{vizel12,
  author = "Yakir Vizel and Orna Grumberg and Sharon Shoham",
  title = "Lazy Abstraction and {SAT}-Based Reachability in Hardware Model
           Checking",
  year = "2012",
  booktitle = "Formal Methods in Computer-Aided Design (FMCAD)"
}
@Inbook{Clarke2012,
  author="Clarke, Edmund M.
    and Klieber, William
    and Nov{\'a}{\v{c}}ek, Milo{\v{s}}
    and Zuliani, Paolo",
  chapter="Model Checking and the State Explosion Problem",
  title="Tools for Practical Software Verification: LASER, International Summer School 2011, Elba Island, Italy, Revised Tutorial Lectures",
  year="2012",
  publisher="Springer Berlin Heidelberg",
  address="Berlin, Heidelberg",
  pages="1--30",
  isbn="978-3-642-35746-6",
  doi="10.1007/978-3-642-35746-6_1",
  url="http://dx.doi.org/10.1007/978-3-642-35746-6_1"
}
